<record><leader>00000cas a22000007a 4500</leader><controlfield tag="001">19113421</controlfield><controlfield tag="008">890208d19uu1921gauwr ne      0    0eng d</controlfield><datafield ind1=" " ind2=" " tag="010"><subfield code="a">sn 89053010 </subfield></datafield><datafield ind1=" " ind2=" " tag="040"><subfield code="a">NLG</subfield><subfield code="b">eng</subfield><subfield code="c">NLG</subfield><subfield code="d">GUA</subfield><subfield code="d">OCLCQ</subfield><subfield code="d">OCLCF</subfield><subfield code="d">OCLCO</subfield></datafield><datafield ind1="1" ind2=" " tag="029"><subfield code="a">AU@</subfield><subfield code="b">000025900193</subfield></datafield><datafield ind1=" " ind2=" " tag="042"><subfield code="a">msc</subfield></datafield><datafield ind1=" " ind2=" " tag="043"><subfield code="a">n-us-ga</subfield></datafield><datafield ind1="0" ind2="4" tag="245"><subfield code="a">The Barrow times.</subfield></datafield><datafield ind1=" " ind2=" " tag="260"><subfield code="a">Winder, Barrow County, Ga. :</subfield><subfield code="b">A.G. Lamar,</subfield><subfield code="c">-[1921]</subfield></datafield><datafield ind1=" " ind2=" " tag="300"><subfield code="a">v.</subfield></datafield><datafield ind1=" " ind2=" " tag="310"><subfield code="a">Weekly</subfield></datafield><datafield ind1="0" ind2=" " tag="362"><subfield code="a">-v. 7, no. 7 (Feb. 24, 1921).</subfield></datafield><datafield ind1=" " ind2=" " tag="530"><subfield code="a">Also on microfilm: Athens, Ga. : University of Georgia Libraries.</subfield></datafield><datafield ind1=" " ind2=" " tag="580"><subfield code="a">Merged with: Winder news (Winder, Ga. : 1909), to form: Winder news and Barrow times.</subfield></datafield><datafield ind1=" " ind2=" " tag="588"><subfield code="a">Description based on: Vol. 4, no. 3 (Jan. 16, 1919).</subfield></datafield><datafield ind1=" " ind2="0" tag="651"><subfield code="a">Winder (Ga.)</subfield><subfield code="v">Newspapers.</subfield></datafield><datafield ind1=" " ind2="0" tag="651"><subfield code="a">Barrow County (Ga.)</subfield><subfield code="v">Newspapers.</subfield></datafield><datafield ind1=" " ind2="7" tag="655"><subfield code="a">Newspapers.</subfield><subfield code="2">fast</subfield><subfield code="0">(OCoLC)fst01423814</subfield></datafield><datafield ind1=" " ind2="7" tag="651"><subfield code="a">Georgia</subfield><subfield code="z">Barrow County.</subfield><subfield code="2">fast</subfield><subfield code="0">(OCoLC)fst01214863</subfield></datafield><datafield ind1=" " ind2="7" tag="651"><subfield code="a">Georgia</subfield><subfield code="z">Winder.</subfield><subfield code="2">fast</subfield><subfield code="0">(OCoLC)fst01217048</subfield></datafield><datafield ind1=" " ind2=" " tag="752"><subfield code="a">United States</subfield><subfield code="b">Georgia</subfield><subfield code="c">Barrow</subfield><subfield code="d">Winder.</subfield></datafield><datafield ind1="1" ind2="7" tag="785"><subfield code="t">Winder news (Winder, Ga. : 1909)</subfield><subfield code="w">(DLC)sn 89053008</subfield><subfield code="w">(OCoLC)19113449</subfield></datafield><datafield ind1="1" ind2="7" tag="785"><subfield code="t">Winder news and Barrow times</subfield><subfield code="w">(DLC)sn 89053007</subfield><subfield code="w">(OCoLC)19113440</subfield></datafield></record>